<?xml version="1.0" encoding="UTF-8"?><record xmlns="http://www.loc.gov/MARC21/slim" xmlns:cinclude="http://apache.org/cocoon/include/1.0" xmlns:zs="http://www.loc.gov/zing/srw/">
  <leader>00780cz  a2200205n  4500</leader>
  <controlfield tag="001">nr 91036367 </controlfield>
  <controlfield tag="003">DLC</controlfield>
  <controlfield tag="005">20111014075333.0</controlfield>
  <controlfield tag="008">910930nc acannaabn          |b aaa      </controlfield>
  <datafield tag="010" ind1=" " ind2=" ">
    <subfield code="a">nr 91036367 </subfield>
    <subfield code="z">nr 91005956 </subfield>
    <subfield code="z">n 2011039806</subfield>
  </datafield>
  <datafield tag="035" ind1=" " ind2=" ">
    <subfield code="a">(OCoLC)oca03033354</subfield>
  </datafield>
  <datafield tag="040" ind1=" " ind2=" ">
    <subfield code="a">DLC-R</subfield>
    <subfield code="b">eng</subfield>
    <subfield code="c">DLC-R</subfield>
    <subfield code="d">DLC-R</subfield>
    <subfield code="d">OCoLC</subfield>
    <subfield code="d">DLC</subfield>
  </datafield>
  <datafield tag="100" ind1="1" ind2=" ">
    <subfield code="a">Chai, Ling</subfield>
  </datafield>
  <datafield tag="400" ind1="1" ind2=" ">
    <subfield code="a">柴玲</subfield>
  </datafield>
  <datafield tag="400" ind1="1" ind2=" ">
    <subfield code="a">Ling, Chai</subfield>
  </datafield>
  <datafield tag="667" ind1=" " ind2=" ">
    <subfield code="a">Machine-derived non-Latin script reference project.</subfield>
  </datafield>
  <datafield tag="667" ind1=" " ind2=" ">
    <subfield code="a">Non-Latin script reference not evaluated.</subfield>
  </datafield>
  <datafield tag="670" ind1=" " ind2=" ">
    <subfield code="a">Tʻan so yü hsing ssu, 1989:</subfield>
    <subfield code="b">t.p. (Chʻai Ling)</subfield>
  </datafield>
  <datafield tag="670" ind1=" " ind2=" ">
    <subfield code="a">Hsüeh yün ying hsiung Chʻai Ling tzu pai shu, 1990?</subfield>
    <subfield code="b">t.p. (Chʻai Ling) p. 34 (b. April 15, 1966; native of Shan-tung Jih-chao)</subfield>
  </datafield>
  <datafield tag="670" ind1=" " ind2=" ">
    <subfield code="a">A heart for freedom, c2011:</subfield>
    <subfield code="b">ECIP t.p. (Chai Ling)</subfield>
  </datafield>
</record>